@article{Berman:2021ynm,
    author = "Berman, David and Fischbacher, Thomas and Inverso, Gianluca",
    title = "{New $ \mathcal{N} $ = 1 AdS$_{4}$ solutions of type IIB supergravity}",
    eprint = "2111.03002",
    archivePrefix = "arXiv",
    primaryClass = "hep-th",
    doi = "10.1007/JHEP03(2022)097",
    journal = "JHEP",
    volume = "03",
    pages = "097",
    year = "2022"
}

@article{Sevrin:1988ew,
    author = "Sevrin, A. and Troost, W. and Van Proeyen, Antoine",
    title = "{Superconformal Algebras in Two-Dimensions with N=4}",
    reportNumber = "KUL-TF-88/6",
    doi = "10.1016/0370-2693(88)90645-4",
    journal = "Phys. Lett. B",
    volume = "208",
    pages = "447--450",
    year = "1988"
}

@article{deBoer:1999gea,
    author = "de Boer, Jan and Pasquinucci, Andrea and Skenderis, Kostas",
    title = "{AdS / CFT dualities involving large 2-D N=4 superconformal symmetry}",
    eprint = "hep-th/9904073",
    archivePrefix = "arXiv",
    reportNumber = "KUL-TF-99-11, SPIN-1999-06, INLO-PUB-7-99",
    doi = "10.4310/ATMP.1999.v3.n3.a5",
    journal = "Adv. Theor. Math. Phys.",
    volume = "3",
    pages = "577--614",
    year = "1999"
}

@article{Cesaro:2022mbu,
    author = "Ces\`aro, Mattia and Larios, Gabriel and Varela, Oscar",
    title = "{$ \mathcal{N} $ = 1 S-fold spectroscopy}",
    eprint = "2206.04064",
    archivePrefix = "arXiv",
    primaryClass = "hep-th",
    reportNumber = "IFT-UAM/CSIC-22-60",
    doi = "10.1007/JHEP08(2022)242",
    journal = "JHEP",
    volume = "08",
    pages = "242",
    year = "2022"
}

@article{Berman:2021ynm,
    author = "Berman, David and Fischbacher, Thomas and Inverso, Gianluca",
    title = "{New $ \mathcal{N} $ = 1 AdS$_{4}$ solutions of type IIB supergravity}",
    eprint = "2111.03002",
    archivePrefix = "arXiv",
    primaryClass = "hep-th",
    doi = "10.1007/JHEP03(2022)097",
    journal = "JHEP",
    volume = "03",
    pages = "097",
    year = "2022"
}

@article{Eberhardt:2017fsi,
    author = "Eberhardt, Lorenz and Gaberdiel, Matthias R. and Gopakumar, Rajesh and Li, Wei",
    title = "{BPS spectrum on AdS$_3\times $S$^3 \times $S$^3 \times $S$^1$}",
    eprint = "1701.03552",
    archivePrefix = "arXiv",
    primaryClass = "hep-th",
    doi = "10.1007/JHEP03(2017)124",
    journal = "JHEP",
    volume = "03",
    pages = "124",
    year = "2017"
}

@inproceedings{Julia:1979bf,
    author = "Julia, B.",
    title = "{Technological applications of n=8 supergravity}",
    booktitle = "{1979 EPS High-Energy Physics Conference}",
    publisher = "CERN",
    address = "Geneva, Switzerland",
    volume = "2",
    pages = "958--962",
    year = "1979"
}

@article{Sen:1994wr,
    author = "Sen, Ashoke",
    title = "{Strong - weak coupling duality in three-dimensional string theory}",
    eprint = "hep-th/9408083",
    archivePrefix = "arXiv",
    reportNumber = "TIFR-TH-94-19",
    doi = "10.1016/0550-3213(94)00461-M",
    journal = "Nucl. Phys. B",
    volume = "434",
    pages = "179--209",
    year = "1995"
}

@article{Cremmer:1999du,
    author = "Cremmer, E. and Julia, B. and Lu, Hong and Pope, C. N.",
    title = "{Higher dimensional origin of D = 3 coset symmetries}",
    eprint = "hep-th/9909099",
    archivePrefix = "arXiv",
    reportNumber = "LPTENS-99-21, UPR-858-T, CTP-TAMU-35-99, SISSA-111-99-EP",
    month = "9",
    year = "1999"
}

@article{Breitenlohner:1987dg,
    author = "Breitenlohner, Peter and Maison, Dieter and Gibbons, Gary W.",
    title = "{Four-Dimensional Black Holes from Kaluza-Klein Theories}",
    reportNumber = "MPI-PAE-PTH-27-87, LPTENS-87-09",
    doi = "10.1007/BF01217967",
    journal = "Commun. Math. Phys.",
    volume = "120",
    pages = "295",
    year = "1988"
}

@article{Cesaro:2020soq,
    author = "Ces\`aro, Mattia and Varela, Oscar",
    title = "{Kaluza-Klein fermion mass matrices from exceptional field theory and $ \mathcal{N} $ = 1 spectra}",
    eprint = "2012.05249",
    archivePrefix = "arXiv",
    primaryClass = "hep-th",
    reportNumber = "IFT-UAM/CSIC-20-103",
    doi = "10.1007/JHEP03(2021)138",
    journal = "JHEP",
    volume = "03",
    pages = "138",
    year = "2021"
}

@article{Borsato:2018spz,
    author = "Borsato, Riccardo and Wulff, Linus",
    title = "{Marginal deformations of WZW models and the classical Yang\textendash{}Baxter equation}",
    eprint = "1812.07287",
    archivePrefix = "arXiv",
    primaryClass = "hep-th",
    reportNumber = "NORDITA 2018-122",
    doi = "10.1088/1751-8121/ab1b9c",
    journal = "J. Phys. A",
    volume = "52",
    number = "22",
    pages = "225401",
    year = "2019"
}

@article{Musaev:2023own,
    author = "Musaev, Edvard T. and Petrov, Timophey",
    title = "{Tri-vector deformations on compact isometries}",
    eprint = "2302.08749",
    archivePrefix = "arXiv",
    primaryClass = "hep-th",
    doi = "10.1140/epjc/s10052-023-11569-w",
    journal = "Eur. Phys. J. C",
    volume = "83",
    number = "5",
    pages = "399",
    year = "2023"
}

@article{Gauntlett:2005jb,
    author = "Gauntlett, Jerome P. and Lee, Sangmin and Mateos, Toni and Waldram, Daniel",
    title = "{Marginal deformations of field theories with AdS(4) duals}",
    eprint = "hep-th/0505207",
    archivePrefix = "arXiv",
    reportNumber = "IMPERIAL-TP-050502",
    doi = "10.1088/1126-6708/2005/08/030",
    journal = "JHEP",
    volume = "08",
    pages = "030",
    year = "2005"
}

@article{Ahn:2005vc,
    author = "Ahn, Chang-hyun and Vazquez-Poritz, Justin F.",
    title = "{Marginal deformations with U(1)**3 global symmetry}",
    eprint = "hep-th/0505168",
    archivePrefix = "arXiv",
    doi = "10.1088/1126-6708/2005/07/032",
    journal = "JHEP",
    volume = "07",
    pages = "032",
    year = "2005"
}

@article{Giambrone:2021wsm,
    author = "Giambrone, Alfredo and Guarino, Adolfo and Malek, Emanuel and Samtleben, Henning and Sterckx, Colin and Trigiante, Mario",
    title = "{Holographic evidence for nonsupersymmetric conformal manifolds}",
    eprint = "2112.11966",
    archivePrefix = "arXiv",
    primaryClass = "hep-th",
    doi = "10.1103/PhysRevD.105.066018",
    journal = "Phys. Rev. D",
    volume = "105",
    number = "6",
    pages = "066018",
    year = "2022"
}

@article{Maldacena:2000hw,
    author = "Maldacena, Juan Martin and Ooguri, Hirosi",
    title = "{Strings in AdS(3) and SL(2,R) WZW model 1.: The Spectrum}",
    eprint = "hep-th/0001053",
    archivePrefix = "arXiv",
    reportNumber = "CALT-68-2245, CITUSC-99-010, HUTP-99-A027, LBNL-44375, UCB-PTH-99-48, LBL-44375",
    doi = "10.1063/1.1377273",
    journal = "J. Math. Phys.",
    volume = "42",
    pages = "2929--2960",
    year = "2001"
}

@article{Eloy:2023acy,
    author = "Eloy, Camille and Larios, Gabriel",
    title = "{Nonsupersymmetric stable marginal deformations in AdS3/CFT2}",
    eprint = "2309.03261",
    archivePrefix = "arXiv",
    primaryClass = "hep-th",
    reportNumber = "MI-HET-811",
    doi = "10.1103/PhysRevD.108.L121901",
    journal = "Phys. Rev. D",
    volume = "108",
    number = "12",
    pages = "L121901",
    year = "2023"
}

@article{Koepsell:1999uj,
    author = "Koepsell, K. and Nicolai, H. and Samtleben, H.",
    title = "{On the Yangian [Y(e(8))] quantum symmetry of maximal supergravity in two-dimensions}",
    eprint = "hep-th/9903111",
    archivePrefix = "arXiv",
    reportNumber = "AEI-103, LPTENS-99-08",
    doi = "10.1088/1126-6708/1999/04/023",
    journal = "JHEP",
    volume = "04",
    pages = "023",
    year = "1999"
}


@article{Nicolai:2001sv,
    author = "Nicolai, H. and Samtleben, H.",
    title = "{Compact and noncompact gauged maximal supergravities in three-dimensions}",
    eprint = "hep-th/0103032",
    archivePrefix = "arXiv",
    reportNumber = "AEI-2001-017, LPTENS-01-13",
    doi = "10.1088/1126-6708/2001/04/022",
    journal = "JHEP",
    volume = "04",
    pages = "022",
    year = "2001"
}


@article{Chaudhuri:1988qb,
    author = "Chaudhuri, S. and Schwartz, J. A.",
    title = "{A criterion for integrably marginal operators}",
    reportNumber = "CLNS-88/851",
    doi = "10.1016/0370-2693(89)90393-6",
    journal = "Phys. Lett. B",
    volume = "219",
    pages = "291--296",
    year = "1989"
}

@article{Eberhardt:2018ouy,
    author = "Eberhardt, Lorenz and Gaberdiel, Matthias R. and Gopakumar, Rajesh",
    title = "{The Worldsheet Dual of the Symmetric Product CFT}",
    eprint = "1812.01007",
    archivePrefix = "arXiv",
    primaryClass = "hep-th",
    doi = "10.1007/JHEP04(2019)103",
    journal = "JHEP",
    volume = "04",
    pages = "103",
    year = "2019"
}

@article{Eberhardt:2017fsi,
    author = "Eberhardt, Lorenz and Gaberdiel, Matthias R. and Gopakumar, Rajesh and Li, Wei",
    title = "{BPS spectrum on AdS$_3\times $S$^3 \times $S$^3 \times $S$^1$}",
    eprint = "1701.03552",
    archivePrefix = "arXiv",
    primaryClass = "hep-th",
    doi = "10.1007/JHEP03(2017)124",
    journal = "JHEP",
    volume = "03",
    pages = "124",
    year = "2017"
}


@article{Maldacena:1997re,
    author = "Maldacena, Juan Martin",
    title = "{The Large N limit of superconformal field theories and supergravity}",
    eprint = "hep-th/9711200",
    archivePrefix = "arXiv",
    reportNumber = "HUTP-97-A097, HUTP-98-A097",
    doi = "10.4310/ATMP.1998.v2.n2.a1",
    journal = "Adv. Theor. Math. Phys.",
    volume = "2",
    pages = "231--252",
    year = "1998"
}

@article{EloyGalliItsiosLariosMalek,
    author = "Eloy, Camille and Galli, Michele and Giorgios Itsios and Larios, Gabriel and Malek, Emanuel",
    year = "In Preparation"
}

@article{deBoer:1998kjm,
    author = "de Boer, Jan",
    title = "{Six-dimensional supergravity on S**3 x AdS(3) and 2-D conformal field theory}",
    eprint = "hep-th/9806104",
    archivePrefix = "arXiv",
    reportNumber = "LBL-41931, LBNL-41931, UCB-PTH-98-32",
    doi = "10.1016/S0550-3213(99)00160-1",
    journal = "Nucl. Phys. B",
    volume = "548",
    pages = "139--166",
    year = "1999"
}

@article{Fraiman:2023cpa,
    author = "Fraiman, Bernardo and Gra\~na, Mariana and Parra De Freitas, H\'ector and Sethi, Savdeep",
    title = "{Non-Supersymmetric Heterotic Strings on a Circle}",
    eprint = "2307.13745",
    archivePrefix = "arXiv",
    primaryClass = "hep-th",
    month = "7",
    year = "2023"
}

@article{Bashmakov:2017rko,
    author = "Bashmakov, Vladimir and Bertolini, Matteo and Raj, Himanshu",
    title = "{On non-supersymmetric conformal manifolds: field theory and holography}",
    eprint = "1709.01749",
    archivePrefix = "arXiv",
    primaryClass = "hep-th",
    doi = "10.1007/JHEP11(2017)167",
    journal = "JHEP",
    volume = "11",
    pages = "167",
    year = "2017"
}

@article{Apruzzi:2019ecr,
    author = "Apruzzi, Fabio and Bruno De Luca, G. and Gnecchi, Alessandra and Lo Monaco, Gabriele and Tomasiello, Alessandro",
    title = "{On AdS$_{7}$ stability}",
    eprint = "1912.13491",
    archivePrefix = "arXiv",
    primaryClass = "hep-th",
    reportNumber = "CERN-TH-2019-232",
    doi = "10.1007/JHEP07(2020)033",
    journal = "JHEP",
    volume = "07",
    pages = "033",
    year = "2020"
}

@article{Apruzzi:2021nle,
    author = "Apruzzi, Fabio and Bruno De Luca, G. and Lo Monaco, Gabriele and Uhlemann, Christoph F.",
    title = "{Non-supersymmetric AdS$_{6}$ and the swampland}",
    eprint = "2110.03003",
    archivePrefix = "arXiv",
    primaryClass = "hep-th",
    doi = "10.1007/JHEP12(2021)187",
    journal = "JHEP",
    volume = "12",
    pages = "187",
    year = "2021"
}

@article{Coleman:1980aw,
    author = "Coleman, Sidney R. and De Luccia, Frank",
    title = "{Gravitational Effects on and of Vacuum Decay}",
    reportNumber = "SLAC-PUB-2463",
    doi = "10.1103/PhysRevD.21.3305",
    journal = "Phys. Rev. D",
    volume = "21",
    pages = "3305",
    year = "1980"
}

@article{Ooguri:2016pdq,
    author = "Ooguri, Hirosi and Vafa, Cumrun",
    title = "{Non-supersymmetric AdS and the Swampland}",
    eprint = "1610.01533",
    archivePrefix = "arXiv",
    primaryClass = "hep-th",
    reportNumber = "CALT-TH-2016-027, IPMU16-0139",
    doi = "10.4310/ATMP.2017.v21.n7.a8",
    journal = "Adv. Theor. Math. Phys.",
    volume = "21",
    pages = "1787--1801",
    year = "2017"
}


@article{Bena:2020xxb,
    author = "Bena, Iosif and Pilch, Krzysztof and Warner, Nicholas P.",
    title = "{Brane-Jet Instabilities}",
    eprint = "2003.02851",
    archivePrefix = "arXiv",
    primaryClass = "hep-th",
    doi = "10.1007/JHEP10(2020)091",
    journal = "JHEP",
    volume = "10",
    pages = "091",
    year = "2020"
}

@article{GarciaEtxebarria:2020xsr,
    author = "Garc\'\i{}a Etxebarria, I and Montero, Miguel and Sousa, Kepa and Valenzuela, Irene",
    title = "{Nothing is certain in string compactifications}",
    eprint = "2005.06494",
    archivePrefix = "arXiv",
    primaryClass = "hep-th",
    doi = "10.1007/JHEP12(2020)032",
    journal = "JHEP",
    volume = "12",
    pages = "032",
    year = "2020"
}

@article{Witten:1981gj,
    author = "Witten, Edward",
    title = "{Instability of the Kaluza-Klein Vacuum}",
    reportNumber = "PRINT-81-0441 (PRINCETON)",
    doi = "10.1016/0550-3213(82)90007-4",
    journal = "Nucl. Phys. B",
    volume = "195",
    pages = "481--492",
    year = "1982"
}


@article{Baguet:2016jph,
    author = "Baguet, Arnaud and Samtleben, Henning",
    title = "{E$_{8(8)}$ Exceptional Field Theory: Geometry, Fermions and Supersymmetry}",
    eprint = "1607.03119",
    archivePrefix = "arXiv",
    primaryClass = "hep-th",
    doi = "10.1007/JHEP09(2016)168",
    journal = "JHEP",
    volume = "09",
    pages = "168",
    year = "2016"
}



@article{Nicolai:2000sc,
    author = "Nicolai, H. and Samtleben, H.",
    title = "{Maximal gauged supergravity in three-dimensions}",
    eprint = "hep-th/0010076",
    archivePrefix = "arXiv",
    reportNumber = "AEI-2000-065, LPTENS-00-36",
    doi = "10.1103/PhysRevLett.86.1686",
    journal = "Phys. Rev. Lett.",
    volume = "86",
    pages = "1686--1689",
    year = "2001"
}

@article{Marcus:1983hb,
    author = "Marcus, Neil and Schwarz, John H.",
    editor = "Salam, A. and Sezgin, E.",
    title = "{Three-Dimensional Supergravity Theories}",
    reportNumber = "CALT-68-1018",
    doi = "10.1016/0550-3213(83)90402-9",
    journal = "Nucl. Phys. B",
    volume = "228",
    pages = "145",
    year = "1983"
}

@article{Nicolai:2001ac,
    author = "Nicolai, H. and Samtleben, H.",
    title = "{N=8 matter coupled AdS(3) supergravities}",
    eprint = "hep-th/0106153",
    archivePrefix = "arXiv",
    reportNumber = "AEI-2001-058, LPTENS-01-27",
    doi = "10.1016/S0370-2693(01)00779-1",
    journal = "Phys. Lett. B",
    volume = "514",
    pages = "165--172",
    year = "2001"
}

@article{Forste:2003km,
    author = "Forste, Stefan and Roggenkamp, Daniel",
    title = "{Current current deformations of conformal field theories, and WZW models}",
    eprint = "hep-th/0304234",
    archivePrefix = "arXiv",
    reportNumber = "KCL-MTH-03-03",
    doi = "10.1088/1126-6708/2003/05/071",
    journal = "JHEP",
    volume = "05",
    pages = "071",
    year = "2003"
}

@article{Forste:2003yh,
    author = "Forste, Stefan",
    editor = "Bertolini, M. and Demasure, Y. and Di Vecchia, P. and Kristjansen, C. and Merlatti, P. and Obers, N.",
    title = "{Deformations of WZW models}",
    eprint = "hep-th/0312202",
    archivePrefix = "arXiv",
    doi = "10.1088/0264-9381/21/10/024",
    journal = "Class. Quant. Grav.",
    volume = "21",
    pages = "S1517--1522",
    year = "2004"
}

@article{Gepner:1986wi,
    author = "Gepner, Doron and Witten, Edward",
    title = "{String Theory on Group Manifolds}",
    reportNumber = "Print-86-0868 (PRINCETON)",
    doi = "10.1016/0550-3213(86)90051-9",
    journal = "Nucl. Phys. B",
    volume = "278",
    pages = "493--549",
    year = "1986"
}


@article{Eloy:2023zzh,
    author = "Eloy, Camille and Galli, Michele and Malek, Emanuel",
    title = "{Adding fluxes to consistent truncations: IIB supergravity on AdS$_{3}\times{}S^{3}\times{}S^{3}\times{} S^{1}$}",
    eprint = "2306.12487",
    archivePrefix = "arXiv",
    primaryClass = "hep-th",
    reportNumber = "HU-EP-23/18",
    doi = "10.1007/JHEP11(2023)049",
    journal = "JHEP",
    volume = "11",
    pages = "049",
    year = "2023"
}


@article{Faedo:2020lyw,
    author = "Faedo, Federico and Lozano, Yolanda and Petri, Nicol\`o",
    title = "{New $\mathcal{N}=(0,4)$ AdS$_3$ near-horizons in Type IIB}",
    eprint = "2012.07148",
    archivePrefix = "arXiv",
    primaryClass = "hep-th",
    doi = "10.1007/JHEP04(2021)028",
    journal = "JHEP",
    volume = "04",
    pages = "028",
    year = "2021"
}

@article{Maldacena:1997de,
    author = "Maldacena, Juan Martin and Strominger, Andrew and Witten, Edward",
    title = "{Black hole entropy in M theory}",
    eprint = "hep-th/9711053",
    archivePrefix = "arXiv",
    doi = "10.1088/1126-6708/1997/12/002",
    journal = "JHEP",
    volume = "12",
    pages = "002",
    year = "1997"
}

@article{Cesaro:2021haf,
    author = "Cesaro, Mattia and Larios, Gabriel and Varela, Oscar",
    title = "{Supersymmetric spectroscopy on AdS$_{4}\times S^{7}$ and AdS$_{4}\times S^{6}$}",
    eprint = "2103.13408",
    archivePrefix = "arXiv",
    primaryClass = "hep-th",
    reportNumber = "IFT-UAM/CSIC-21-025",
    doi = "10.1007/JHEP07(2021)094",
    journal = "JHEP",
    volume = "07",
    pages = "094",
    year = "2021"
}

@article{Giambrone:2021zvp,
    author = "Giambrone, Alfredo and Malek, Emanuel and Samtleben, Henning and Trigiante, Mario",
    title = "{Global properties of the conformal manifold for S-fold backgrounds}",
    eprint = "2103.10797",
    archivePrefix = "arXiv",
    primaryClass = "hep-th",
    doi = "10.1007/JHEP06(2021)111",
    journal = "JHEP",
    volume = "06",
    number = "111",
    pages = "111",
    year = "2021"
}

@article{Cesaro:2021tna,
    author = "Ces\`aro, Mattia and Larios, Gabriel and Varela, Oscar",
    title = "{The spectrum of marginally-deformed $ \mathcal{N} $ = 2 CFTs with AdS$_{4}$ S-fold duals of type IIB}",
    eprint = "2109.11608",
    archivePrefix = "arXiv",
    primaryClass = "hep-th",
    reportNumber = "IFT-UAM/CSIC-21-101",
    doi = "10.1007/JHEP12(2021)214",
    journal = "JHEP",
    volume = "12",
    pages = "214",
    year = "2021"
}


@article{Duboeuf:2022mam,
    author = "Duboeuf, Bastien and Malek, Emanuel and Samtleben, Henning",
    title = "{Kaluza-Klein spectrometry beyond consistent truncations: the squashed S$^{7}$}",
    eprint = "2212.01135",
    archivePrefix = "arXiv",
    primaryClass = "hep-th",
    reportNumber = "HU-EP-22/38",
    doi = "10.1007/JHEP04(2023)062",
    journal = "JHEP",
    volume = "04",
    pages = "062",
    year = "2023"
}

@article{Malek:2019eaz,
    author = "Malek, Emanuel and Samtleben, Henning",
    title = "{Kaluza-Klein Spectrometry for Supergravity}",
    eprint = "1911.12640",
    archivePrefix = "arXiv",
    primaryClass = "hep-th",
    doi = "10.1103/PhysRevLett.124.101601",
    journal = "Phys. Rev. Lett.",
    volume = "124",
    number = "10",
    pages = "101601",
    year = "2020"
}


@article{Malek:2020yue,
    author = "Malek, Emanuel and Samtleben, Henning",
    title = "{Kaluza-Klein Spectrometry from Exceptional Field Theory}",
    eprint = "2009.03347",
    archivePrefix = "arXiv",
    primaryClass = "hep-th",
    reportNumber = "HU-EP-20/24",
    doi = "10.1103/PhysRevD.102.106016",
    journal = "Phys. Rev. D",
    volume = "102",
    number = "10",
    pages = "106016",
    year = "2020"
}


@article{Samtleben:2019zrh,
    author = {Samtleben, Henning and Sar\i{}oglu, \"Ozg\"ur},
    title = "{Consistent $S^3$ reductions of six-dimensional supergravity}",
    eprint = "1907.08413",
    archivePrefix = "arXiv",
    primaryClass = "hep-th",
    doi = "10.1103/PhysRevD.100.086002",
    journal = "Phys. Rev. D",
    volume = "100",
    number = "8",
    pages = "086002",
    year = "2019"
}


@article{Hohm:2014fxa,
    author = "Hohm, Olaf and Samtleben, Henning",
    title = "{Exceptional field theory. III. E$_{8(8)}$}",
    eprint = "1406.3348",
    archivePrefix = "arXiv",
    primaryClass = "hep-th",
    reportNumber = "MIT-CTP-4557",
    doi = "10.1103/PhysRevD.90.066002",
    journal = "Phys. Rev. D",
    volume = "90",
    pages = "066002",
    year = "2014"
}


@article{deWit:2003ja,
    author = "de Wit, Bernard and Herger, Ivan and Samtleben, Henning",
    title = "{Gauged locally supersymmetric D = 3 nonlinear sigma models}",
    eprint = "hep-th/0307006",
    archivePrefix = "arXiv",
    reportNumber = "ITP-UU-03-25, SPIN-03-16",
    doi = "10.1016/j.nuclphysb.2003.08.022",
    journal = "Nucl. Phys. B",
    volume = "671",
    pages = "175--216",
    year = "2003"
}


@article{Hassler:2019wvn,
    author = {Hassler, Falk and L\"ust, Dieter and Rudolph, Felix J.},
    title = "{Para-Hermitian geometries for Poisson-Lie symmetric $\sigma$-models}",
    eprint = "1905.03791",
    archivePrefix = "arXiv",
    primaryClass = "hep-th",
    doi = "10.1007/JHEP10(2019)160",
    journal = "JHEP",
    volume = "10",
    pages = "160",
    year = "2019"
}

@article{Hohm:2017wtr,
    author = "Hohm, Olaf and Musaev, Edvard T. and Samtleben, Henning",
    title = "{O($d+1, d+1$) enhanced double field theory}",
    eprint = "1707.06693",
    archivePrefix = "arXiv",
    primaryClass = "hep-th",
    doi = "10.1007/JHEP10(2017)086",
    journal = "JHEP",
    volume = "10",
    pages = "086",
    year = "2017"
}


@article{Schon:2006kz,
    author = "Schon, Jonas and Weidner, Martin",
    title = "{Gauged N=4 supergravities}",
    eprint = "hep-th/0602024",
    archivePrefix = "arXiv",
    reportNumber = "DESY-06-009, ZMP-HH-06-01",
    doi = "10.1088/1126-6708/2006/05/034",
    journal = "JHEP",
    volume = "05",
    pages = "034",
    year = "2006"
}


@article{Hohm:2005ui,
    author = "Hohm, Olaf and Samtleben, Henning",
    title = "{Effective actions for massive Kaluza-Klein states on AdS(3) x S**3 x S**3}",
    eprint = "hep-th/0503088",
    archivePrefix = "arXiv",
    reportNumber = "DESY-05-041",
    doi = "10.1088/1126-6708/2005/05/027",
    journal = "JHEP",
    volume = "05",
    pages = "027",
    year = "2005"
}


@article{Deger:2019tem,
    author = "Deger, Nihat Sadik and Eloy, Camille and Samtleben, Henning",
    title = "{${\mathcal{N}=(8,0)}$ AdS vacua of three-dimensional supergravity}",
    eprint = "1907.12764",
    archivePrefix = "arXiv",
    primaryClass = "hep-th",
    doi = "10.1007/JHEP10(2019)145",
    journal = "JHEP",
    volume = "10",
    pages = "145",
    year = "2019"
}

@article{Eloy:2020uix,
    author = "Eloy, Camille",
    title = "{Kaluza-Klein spectrometry for ${\rm AdS_{3}}$ vacua}",
    eprint = "2011.11658",
    archivePrefix = "arXiv",
    primaryClass = "hep-th",
    doi = "10.21468/SciPostPhys.10.6.131",
    journal = "SciPost Phys.",
    volume = "10",
    number = "6",
    pages = "131",
    year = "2021"
}

@article{Lunin:2005jy,
    author = "Lunin, Oleg and Maldacena, Juan Martin",
    title = "{Deforming field theories with U(1) x U(1) global symmetry and their gravity duals}",
    eprint = "hep-th/0502086",
    archivePrefix = "arXiv",
    doi = "10.1088/1126-6708/2005/05/033",
    journal = "JHEP",
    volume = "05",
    pages = "033",
    year = "2005"
}

@article{Lima:2022hji,
    author = "Lima, Mariana and Macpherson, Niall T. and Melnikov, Dmitry and Ypanaqu\'e, Luis",
    title = "{On generalised D1-D5 near horizons and their spectra}",
    eprint = "2211.02702",
    archivePrefix = "arXiv",
    primaryClass = "hep-th",
    month = "11",
    year = "2022"
}


@article{Balaguer:2021wjf,
    author = "Balaguer, Juan R. and Dibitetto, Giuseppe and Fern\'andez-Melgarejo, Jos\'e J.",
    title = "{New IIB intersecting brane solutions yielding supersymmetric AdS$_{3}$ vacua}",
    eprint = "2104.03970",
    archivePrefix = "arXiv",
    primaryClass = "hep-th",
    doi = "10.1007/JHEP07(2021)134",
    journal = "JHEP",
    volume = "07",
    pages = "134",
    year = "2021"
}


@article{Eloy:2021fhc,
    author = "Eloy, Camille and Larios, Gabriel and Samtleben, Henning",
    title = "{Triality and the consistent reductions on AdS$_{3} \times S^{3}$}",
    eprint = "2111.01167",
    archivePrefix = "arXiv",
    primaryClass = "hep-th",
    reportNumber = "IFT-UAM/CSIC-21-112, LCTP-21-28",
    doi = "10.1007/JHEP01(2022)055",
    journal = "JHEP",
    volume = "01",
    pages = "055",
    year = "2022"
}

@inproceedings{Tanii:1998px,
    author = "Tanii, Yoshiaki",
    title = "{Introduction to supergravities in diverse dimensions}",
    booktitle = "{YITP Workshop on Supersymmetry}",
    eprint = "hep-th/9802138",
    archivePrefix = "arXiv",
    reportNumber = "STUPP-98-146",
    month = "2",
    year = "1998"
}

@book{Ortin:2015hya,
    author = "Ortin, Tomas",
    title = "{Gravity and Strings}",
    edition = "2nd ed.",
    doi = "10.1017/CBO9781139019750",
    isbn = "978-0-521-76813-9, 978-0-521-76813-9, 978-1-316-23579-9",
    publisher = "Cambridge University Press",
    series = "Cambridge Monographs on Mathematical Physics",
    month = "7",
    year = "2015"
}

@article{Green:1996bh,
    author = "Green, Michael B. and Hull, Christopher M. and Townsend, Paul K.",
    title = "{D-brane Wess-Zumino actions, t duality and the cosmological constant}",
    eprint = "hep-th/9604119",
    archivePrefix = "arXiv",
    reportNumber = "RU-96-20, DAMTP-96-41, QMW-PH-96-6",
    doi = "10.1016/0370-2693(96)00643-0",
    journal = "Phys. Lett. B",
    volume = "382",
    pages = "65--72",
    year = "1996"
}

@article{Lozano:2019emq,
    author = "Lozano, Yolanda and Macpherson, Niall T. and Nunez, Carlos and Ramirez, Anayeli",
    title = "{AdS$_3$ solutions in Massive IIA with small $\mathcal{N}=(4,0)$ supersymmetry}",
    eprint = "1908.09851",
    archivePrefix = "arXiv",
    primaryClass = "hep-th",
    doi = "10.1007/JHEP01(2020)129",
    journal = "JHEP",
    volume = "01",
    pages = "129",
    year = "2020"
}

@article{Breitenlohner:1982jf,
    author = "Breitenlohner, Peter and Freedman, Daniel Z.",
    title = "{Stability in Gauged Extended Supergravity}",
    reportNumber = "Print-82-0500 (MIT)",
    doi = "10.1016/0003-4916(82)90116-6",
    journal = "Annals Phys.",
    volume = "144",
    pages = "249",
    year = "1982"
}

@article{Nicolai:2003bp,
    author = "Nicolai, Hermann and Samtleben, Henning",
    title = "{Chern-Simons versus Yang-Mills gaugings in three-dimensions}",
    eprint = "hep-th/0303213",
    archivePrefix = "arXiv",
    reportNumber = "AEI-2003-029, ITP-UU-03-13, SPIN-03-07",
    doi = "10.1016/S0550-3213(03)00569-8",
    journal = "Nucl. Phys. B",
    volume = "668",
    pages = "167--178",
    year = "2003"
}

@article{Galli:2022idq,
    author = "Galli, Michele and Malek, Emanuel",
    title = "{Consistent truncations to 3-dimensional supergravity}",
    eprint = "2206.03507",
    archivePrefix = "arXiv",
    primaryClass = "hep-th",
    reportNumber = "HU-EP-22/23",
    doi = "10.1007/JHEP09(2022)014",
    journal = "JHEP",
    volume = "09",
    pages = "014",
    year = "2022"
}

@article{Klebanov:1999tb,
    author = "Klebanov, Igor R. and Witten, Edward",
    title = "{AdS / CFT correspondence and symmetry breaking}",
    eprint = "hep-th/9905104",
    archivePrefix = "arXiv",
    reportNumber = "PUPT-1863, IASSNS-HEP-99-49",
    doi = "10.1016/S0550-3213(99)00387-9",
    journal = "Nucl. Phys. B",
    volume = "556",
    pages = "89--114",
    year = "1999"
}

@article{Henningson:1998cd,
    author = "Henningson, Mans and Sfetsos, Konstadinos",
    title = "{Spinors and the AdS / CFT correspondence}",
    eprint = "hep-th/9803251",
    archivePrefix = "arXiv",
    reportNumber = "CERN-TH-98-078",
    doi = "10.1016/S0370-2693(98)00559-0",
    journal = "Phys. Lett. B",
    volume = "431",
    pages = "63--68",
    year = "1998"
}

@article{Mueck:1998wkz,
    author = "Mueck, Wolfgang and Viswanathan, K. S.",
    title = "{Conformal field theory correlators from classical scalar field theory on AdS(d+1)}",
    eprint = "hep-th/9804035",
    archivePrefix = "arXiv",
    doi = "10.1103/PhysRevD.58.041901",
    journal = "Phys. Rev. D",
    volume = "58",
    pages = "041901",
    year = "1998"
}

@article{Mueck:1998iz,
    author = "Mueck, Wolfgang and Viswanathan, K. S.",
    title = "{Conformal field theory correlators from classical field theory on anti-de Sitter space. 2. Vector and spinor fields}",
    eprint = "hep-th/9805145",
    archivePrefix = "arXiv",
    doi = "10.1103/PhysRevD.58.106006",
    journal = "Phys. Rev. D",
    volume = "58",
    pages = "106006",
    year = "1998"
}

@article{lYi:1998trg,
    author = "l'Yi, W. S.",
    title = "{Correlators of currents corresponding to the massive p form fields in AdS / CFT correspondence}",
    eprint = "hep-th/9811097",
    archivePrefix = "arXiv",
    reportNumber = "HEP-CNU-9812",
    doi = "10.1016/S0370-2693(99)00009-X",
    journal = "Phys. Lett. B",
    volume = "448",
    pages = "218--226",
    year = "1999"
}

@article{Volovich:1998tj,
    author = "Volovich, Anastasia",
    title = "{Rarita-Schwinger field in the AdS / CFT correspondence}",
    eprint = "hep-th/9809009",
    archivePrefix = "arXiv",
    doi = "10.1088/1126-6708/1998/09/022",
    journal = "JHEP",
    volume = "09",
    pages = "022",
    year = "1998"
}

@article{Deger:1998nm,
    author = "Deger, S. and Kaya, A. and Sezgin, E. and Sundell, P.",
    title = "{Spectrum of D = 6, N=4b supergravity on AdS in three-dimensions x S**3}",
    eprint = "hep-th/9804166",
    archivePrefix = "arXiv",
    reportNumber = "CTP-TAMU-15-98",
    doi = "10.1016/S0550-3213(98)00555-0",
    journal = "Nucl. Phys. B",
    volume = "536",
    pages = "110--140",
    year = "1998"
}
